@BOOK{Starke2011,
	AUTHOR = {Gernot Starke, Peter Hruschka},
	YEAR = {2011},
	TITLE = {Software-Architektur kompakt - angemessen und zielorientiert},
	EDITION = {},
	ISBN = {978-3-827-42835-6},
	PUBLISHER = {Springer-Verlag},
	ADDRESS = {Berlin Heidelberg New York},
}
@BOOK{Eilebrecht2010,
	AUTHOR = {Karl Eilebrecht, Gernot Starke},
	YEAR = {2010},
	TITLE = {Patterns kompakt. Entwurfsmuster f체r effektive Software-Entwicklung},
	EDITION = {3rd},
	ISBN = {978-3-8274-2525-6},
	PUBLISHER = {Spektrum Akademischer Verlag},
	ADDRESS = {Heidelberg},
}
@BOOK{Gebhard2018,
	AUTHOR = {Michael Gebhard},
	YEAR = {2018},
	TITLE = {Development of a Programming Environment and Interpreter for LOOP and WHILE. Bachelor Thesis in Computer Science},
	EDITION = {},
	PUBLISHER = {Friedrich-Alexander Universit채t Erlangen-N체rnberg},
}
@BOOK{Hoffmann2018,
	AUTHOR = {Dirk W. Hoffmann},
	YEAR = {2018},
	TITLE = {Theoretische Informatik},
	EDITION = {},
	ISBN = {978-3-446-45794-2},
	PUBLISHER = {Carl Hanser Verlag},
	ADDRESS = {M체nchen},
}
